@inproceedings{TCC:BFV19,
    @author    = {Gianluca Brian and
                Antonio Faonio and
                Daniele Venturi},
    author    = {
                Antonio Faonio and
                Daniele Venturi},
    editor    = {Dennis Hofheinz and
                Alon Rosen},
    title     = {Continuously Non-malleable Secret Sharing for General Access Structures},
    booktitle = {Theory of Cryptography - 17th International Conference, {TCC} 2019,
                Nuremberg, Germany, December 1-5, 2019, Proceedings, Part {II}},
    series    = {Lecture Notes in Computer Science},
    volume    = {11892},
    pages     = {211--232},
    publisher = {Springer},
    year      = {2019},
}

@inproceedings{CRYPTO:BFOSV20,
    @author    = {Gianluca Brian and
               Antonio Faonio and
               Maciej Obremski and
               Mark Simkin and
               Daniele Venturi},
    author    = {
               Antonio Faonio and
               Maciej Obremski and
               Mark Simkin and
               Daniele Venturi},
    editor    = {Daniele Micciancio and
               Thomas Ristenpart},
    title     = {Non-malleable Secret Sharing Against Bounded Joint-Tampering Attacks in the Plain Model},
    booktitle = {Advances in Cryptology - {CRYPTO} 2020 - 40th Annual International
               Cryptology Conference, {CRYPTO} 2020, Santa Barbara, CA, USA, August
               17-21, 2020, Proceedings, Part {III}},
    series    = {Lecture Notes in Computer Science},
    volume    = {12172},
    pages     = {127--155},
    publisher = {Springer},
    year      = {2020},
}

@inproceedings{EUROCRYPT:BFORSSV21,
    @author    = {Gianluca Brian and
               Antonio Faonio and
               Maciej Obremski and
               Jo{\~{a}}o L. Ribeiro and
               Mark Simkin and
               Maciej Sk{\'{o}}rski and
               Daniele Venturi},
    author    = {
               Antonio Faonio and
               Maciej Obremski and
               Jo{\~{a}}o L. Ribeiro and
               Mark Simkin and
               Maciej Sk{\'{o}}rski and
               Daniele Venturi},
    editor    = {Anne Canteaut and
               Fran{\c{c}}ois{-}Xavier Standaert},
    title     = {The Mother of All Leakages: How to Simulate Noisy Leakages via Bounded Leakage (Almost) for Free},
    booktitle = {Advances in Cryptology - {EUROCRYPT} 2021 - 40th Annual International
               Conference on the Theory and Applications of Cryptographic Techniques,
               Zagreb, Croatia, October 17-21, 2021, Proceedings, Part {II}},
    series    = {Lecture Notes in Computer Science},
    volume    = {12697},
    pages     = {408--437},
    publisher = {Springer},
    year      = {2021},
}